@misc{ Latex,
       author = "Wikibooks",
       title = "Latex",
       howpublished = "\url{https://en.wikibooks.org/wiki/LaTeX}"
}

@misc{LatexPage,
    author = "Latex Project",
    title = "Latex",
    howpublished = "\url{https://www.latex-project.org/}"
}

@misc{
    GitTutorial,
    author = "Software Freedom Conservancy",
    title = "Git",
    howpublished = "\url{https://git-scm.com/docs/gittutorial}"
}

@misc{
    DotNetGuide,
    author = ".Net Foundation",
    title = ".Net Guide",
    howpublished = "\url{https://docs.microsoft.com/en-us/dotnet/core/index}"
}

@misc{
    Gitignore,
    author = "Software Freedom Conservancy",
    title = "Ignoring files",
    howpublished = "\url{https://git-scm.com/docs/gitignore}"
}

@misc{
    GitRepo,
    author = "Github",
    title = "Creating a new repository",
    howpublished = "\url{https://help.github.com/articles/creating-a-new-repository/}"
}

@misc{
    GithubSsh,
    author = "Github",
    title = "Connecting to Github with ssh",
    howpublished = "\url{https://help.github.com/articles/connecting-to-github-with-ssh/}"
}

@misc{
    XmlDoc,
    author = "Microsoft",
    title = "XML Documentation Comments",
    howpublished = "\url{https://docs.microsoft.com/en-us/dotnet/csharp/programming-guide/xmldoc/xml-documentation-comments}"
}